@InProceedings{Mekruksavanich2024,
  author    = {Mekruksavanich, Sakorn and Tancharoen, Datchakorn and Jitpattanakul, Anuchit},
  booktitle = {2024 International Technical Conference on Circuits/Systems, Computers, and Communications (ITC-CSCC)},
  title     = {Gym Exercise Recognition Using Deep Convolutional and LSTM Neural Network Based on IMU Sensor Data},
  year      = {2024},
  month     = jul,
  pages     = {1--5},
  publisher = {IEEE},
  doi       = {10.1109/itc-cscc62988.2024.10628426},
  groups    = {ieee},
}

@InProceedings{Bian2022,
  author    = {Bian, Sizhen and Wang, Xiaying and Polonelli, Tommaso and Magno, Michele},
  booktitle = {2022 IEEE 13th International Green and Sustainable Computing Conference (IGSC)},
  title     = {Exploring Automatic Gym Workouts Recognition Locally on Wearable Resource-Constrained Devices},
  year      = {2022},
  month     = oct,
  pages     = {1--6},
  publisher = {IEEE},
  doi       = {10.1109/igsc55832.2022.9969370},
  groups    = {ieee},
}

@Article{Asghar2023,
  author    = {Asghar, Aamer Bilal and Majeed, Maham and Taseer, Abdullah and Khan, Muhammad Burhan and Naveed, Khazina and Jaffery, Mujtaba Hussain and Ejsmont, Krzysztof},
  journal   = {IEEE Access},
  title     = {Comparative Performance Analysis of Machine Learning Algorithms for Arm and Shoulder Exercises Using Wrist-Worn Band},
  year      = {2023},
  issn      = {2169-3536},
  pages     = {111598--111607},
  volume    = {11},
  doi       = {10.1109/access.2023.3323592},
  groups    = {ieee},
  publisher = {Institute of Electrical and Electronics Engineers (IEEE)},
}

@Article{Michaud2021,
  author    = {Michaud, Florian and Pérez Soto, Manuel and Lugrís, Urbano and Cuadrado, Javier},
  journal   = {Sensors},
  title     = {Lower Back Injury Prevention and Sensitization of Hip Hinge with Neutral Spine Using Wearable Sensors during Lifting Exercises},
  year      = {2021},
  issn      = {1424-8220},
  month     = aug,
  number    = {16},
  pages     = {5487},
  volume    = {21},
  doi       = {10.3390/s21165487},
  groups    = {pubmed},
  publisher = {MDPI AG},
}

@Article{Kwon2021,
  author    = {Kwon, Hyeokhyen and Abowd, Gregory D. and Plötz, Thomas},
  journal   = {Sensors},
  title     = {Complex Deep Neural Networks from Large Scale Virtual IMU Data for Effective Human Activity Recognition Using Wearables},
  year      = {2021},
  issn      = {1424-8220},
  month     = dec,
  number    = {24},
  pages     = {8337},
  volume    = {21},
  doi       = {10.3390/s21248337},
  groups    = {pubmed},
  publisher = {MDPI AG},
}

@Article{Hussain2022,
  author    = {Hussain, Afzaal and Zafar, Kashif and Baig, Abdul Rauf and Almakki, Riyad and AlSuwaidan, Lulwah and Khan, Shakir},
  journal   = {Sensors},
  title     = {Sensor-Based Gym Physical Exercise Recognition: Data Acquisition and Experiments},
  year      = {2022},
  issn      = {1424-8220},
  month     = mar,
  number    = {7},
  pages     = {2489},
  volume    = {22},
  doi       = {10.3390/s22072489},
  groups    = {pubmed},
  publisher = {MDPI AG},
}

@Article{colpitts2023kinematics,
  author  = {Colpitts, Alyson},
  journal = {University of Waterloo},
  title   = {Kinematics-Based Recovery Metrics and Inertial Measurement Units to Monitor Recovery Post-Knee Arthroscopic Surgery: A Case Study},
  year    = {2023},
  groups  = {google},
}

@Article{Ceccarelli2024,
  author    = {Ceccarelli, Marco and Sanz, Susana and Díaz, Vicente and Russo, Matteo},
  journal   = {Machines},
  title     = {Design and Construction of a Prototype of an Assisting Device for Arm Exercise},
  year      = {2024},
  issn      = {2075-1702},
  month     = feb,
  number    = {2},
  pages     = {145},
  volume    = {12},
  doi       = {10.3390/machines12020145},
  groups    = {google},
  publisher = {MDPI AG},
}

@InProceedings{Islam2021,
  author     = {Islam, Noor Nafiz and Khan, Nafiz Imtiaz and Razzak, Md Abdur and Islam, Muhammad Nazrul},
  booktitle  = {The 23rd International Conference on Information Integration and Web Intelligence},
  title      = {Design, Development, and Evaluation of a Physical Exercise Monitoring and Managing System for Athletes},
  year       = {2021},
  month      = nov,
  pages      = {443--451},
  publisher  = {ACM},
  series     = {iiWAS2021},
  collection = {iiWAS2021},
  doi        = {10.1145/3487664.3487725},
  groups     = {google},
}

@InProceedings{Tian2021,
  author     = {Tian, Jiacheng and Zhou, Pan and Sun, Fangmin and Wang, Tao and Zhang, Hexiang},
  booktitle  = {The Fifth International Conference on Biological Information and Biomedical Engineering},
  title      = {Wearable IMU-based Gym Exercise Recognition Using Data Fusion Methods},
  year       = {2021},
  month      = jul,
  pages      = {1--7},
  publisher  = {ACM},
  series     = {BIBE2021},
  collection = {BIBE2021},
  doi        = {10.1145/3469678.3469705},
  groups     = {acm},
}

@Article{Ponton2023,
  author    = {Ponton, Jose Luis and Yun, Haoran and Aristidou, Andreas and Andujar, Carlos and Pelechano, Nuria},
  journal   = {ACM Transactions on Graphics},
  title     = {SparsePoser: Real-time Full-body Motion Reconstruction from Sparse Data},
  year      = {2023},
  issn      = {1557-7368},
  month     = oct,
  number    = {1},
  pages     = {1--14},
  volume    = {43},
  doi       = {10.1145/3625264},
  groups    = {acm},
  publisher = {Association for Computing Machinery (ACM)},
}

@Article{papadopoulou2023towards,
  author   = {Papadopoulou, Panagiota},
  title    = {Towards a feedback system for upper body bodyweight exercises using multiple inertial measurement units: A user-centred approach},
  year     = {2023},
  groups   = {google},
  priority = {prio1},
}

