@InProceedings{Mekruksavanich2024,
  author    = {Mekruksavanich, Sakorn and Tancharoen, Datchakorn and Jitpattanakul, Anuchit},
  booktitle = {2024 International Technical Conference on Circuits/Systems, Computers, and Communications (ITC-CSCC)},
  title     = {Gym Exercise Recognition Using Deep Convolutional and LSTM Neural Network Based on IMU Sensor Data},
  year      = {2024},
  month     = jul,
  pages     = {1--5},
  publisher = {IEEE},
  doi       = {10.1109/itc-cscc62988.2024.10628426},
  groups    = {ieee},
  priority  = {prio1},
  relevance = {relevant},
}

@InProceedings{Gandomkar2018,
  author    = {Gandomkar, Muhammad and Sarang, Reza and Gandomkar, Ziba},
  booktitle = {Electrical Engineering (ICEE), Iranian Conference on},
  title     = {TrainingPal: An Algorithm for Recognition and Counting Popular Exercises Using Smartphone Sensors},
  year      = {2018},
  month     = may,
  pages     = {1471--1476},
  publisher = {IEEE},
  doi       = {10.1109/icee.2018.8472444},
  groups    = {ieee},
}

@Article{Hussain2024,
  author    = {Hussain, Afzaal and Adeel Zahid, Muhammad and Ahmed, Usama and Nazeer, Shahbaz and Zafar, Kashif and Rauf Baig, Abdul},
  journal   = {IEEE Access},
  title     = {Time-Series Data to Refined Insights: A Feature Engineering-Driven Approach to Gym Exercise Recognition},
  year      = {2024},
  issn      = {2169-3536},
  pages     = {100343--100354},
  volume    = {12},
  doi       = {10.1109/access.2024.3428309},
  groups    = {ieee},
  publisher = {Institute of Electrical and Electronics Engineers (IEEE)},
}

@Article{Zou2020,
  author    = {Zou, Yongpan and Wang, Dan and Hong, Shicong and Ruby, Rukhsana and Zhang, Dian and Wu, Kaishun},
  journal   = {IEEE Internet of Things Journal},
  title     = {A Low-Cost Smart Glove System for Real-Time Fitness Coaching},
  year      = {2020},
  issn      = {2372-2541},
  month     = aug,
  number    = {8},
  pages     = {7377--7391},
  volume    = {7},
  doi       = {10.1109/jiot.2020.2983124},
  groups    = {ieee},
  publisher = {Institute of Electrical and Electronics Engineers (IEEE)},
}

@InProceedings{Zhang2018,
  author    = {Zhang, Zhe and Wang, Nian and Cui, Li},
  booktitle = {2018 24th Asia-Pacific Conference on Communications (APCC)},
  title     = {Fine-Fit: A Fine-grained Gym Exercises Recognition System},
  year      = {2018},
  month     = nov,
  pages     = {492--497},
  publisher = {IEEE},
  doi       = {10.1109/apcc.2018.8633473},
  groups    = {ieee},
}

@InProceedings{Bian2022,
  author    = {Bian, Sizhen and Wang, Xiaying and Polonelli, Tommaso and Magno, Michele},
  booktitle = {2022 IEEE 13th International Green and Sustainable Computing Conference (IGSC)},
  title     = {Exploring Automatic Gym Workouts Recognition Locally on Wearable Resource-Constrained Devices},
  year      = {2022},
  month     = oct,
  pages     = {1--6},
  publisher = {IEEE},
  doi       = {10.1109/igsc55832.2022.9969370},
  groups    = {ieee},
  priority  = {prio1},
}

@InProceedings{Koskimaki2014,
  author    = {Koskimaki, Heli and Siirtola, Pekka},
  booktitle = {2014 IEEE Symposium on Computational Intelligence and Data Mining (CIDM)},
  title     = {Recognizing gym exercises using acceleration data from wearable sensors},
  year      = {2014},
  month     = dec,
  pages     = {321--328},
  publisher = {IEEE},
  doi       = {10.1109/cidm.2014.7008685},
  groups    = {ieee},
}

@InProceedings{Das2017,
  author    = {Das, Dipankar and Busetty, Shiva Murthy and Bharti, Vishal and Hegde, Prakhyath Kumar},
  booktitle = {2017 16th IEEE International Conference on Machine Learning and Applications (ICMLA)},
  title     = {Strength Training: A Fitness Application for Indoor Based Exercise Recognition and Comfort Analysis},
  year      = {2017},
  month     = dec,
  pages     = {1126--1129},
  publisher = {IEEE},
  doi       = {10.1109/icmla.2017.00012},
  groups    = {ieee},
}

@InProceedings{Sharshar2023,
  author    = {Sharshar, Ahmed and Eitta, Ahmed H. Abo and Fayez, Ahmed and Khamis, Mohamed A. and Zaky, Ahmed B. and Gomaa, Walid},
  booktitle = {2023 International Joint Conference on Neural Networks (IJCNN)},
  title     = {Camera Coach: Activity Recognition and Assessment Using Thermal and RGB Videos},
  year      = {2023},
  month     = jun,
  pages     = {1--8},
  publisher = {IEEE},
  doi       = {10.1109/ijcnn54540.2023.10191379},
  groups    = {ieee},
}

@Article{Gupta2021,
  author    = {Gupta, Ashish and Gupta, Hari Prabhat},
  journal   = {IEEE Transactions on Artificial Intelligence},
  title     = {YogaHelp: Leveraging Motion Sensors for Learning Correct Execution of Yoga With Feedback},
  year      = {2021},
  issn      = {2691-4581},
  month     = aug,
  number    = {4},
  pages     = {362--371},
  volume    = {2},
  doi       = {10.1109/tai.2021.3096175},
  groups    = {ieee},
  publisher = {Institute of Electrical and Electronics Engineers (IEEE)},
}

@Article{Asghar2023,
  author    = {Asghar, Aamer Bilal and Majeed, Maham and Taseer, Abdullah and Khan, Muhammad Burhan and Naveed, Khazina and Jaffery, Mujtaba Hussain and Ejsmont, Krzysztof},
  journal   = {IEEE Access},
  title     = {Comparative Performance Analysis of Machine Learning Algorithms for Arm and Shoulder Exercises Using Wrist-Worn Band},
  year      = {2023},
  issn      = {2169-3536},
  pages     = {111598--111607},
  volume    = {11},
  doi       = {10.1109/access.2023.3323592},
  groups    = {ieee},
  priority  = {prio1},
  publisher = {Institute of Electrical and Electronics Engineers (IEEE)},
}

@InProceedings{Sharshar2022,
  author    = {Sharshar, Ahmed and Fayez, Ahmed and Eitta, Ahmed Abo and Gomaa, Walid},
  booktitle = {2022 International Joint Conference on Neural Networks (IJCNN)},
  title     = {MM-DOS: A Novel Dataset Of Workout Activities},
  year      = {2022},
  month     = jul,
  pages     = {1--8},
  publisher = {IEEE},
  doi       = {10.1109/ijcnn55064.2022.9892589},
  groups    = {ieee},
}

@InProceedings{Akpa2018,
  author    = {Akpa, Elder A. H. and Fujiwara, Masashi and Arakawa, Yutaka and Suwa, Hirohiko and Yasumoto, Keiichi},
  booktitle = {2018 IEEE International Conference on Pervasive Computing and Communications Workshops (PerCom Workshops)},
  title     = {GIFT: Glove for Indoor Fitness Tracking System},
  year      = {2018},
  month     = mar,
  pages     = {52--57},
  publisher = {IEEE},
  doi       = {10.1109/percomw.2018.8480211},
  groups    = {ieee},
}

@InProceedings{MallolRagolta2021,
  author    = {Mallol-Ragolta, Adria and Semertzidou, Anastasia and Pateraki, Maria and Schuller, Bjorn},
  booktitle = {2021 16th IEEE International Conference on Automatic Face and Gesture Recognition (FG 2021)},
  title     = {harAGE: A Novel Multimodal Smartwatch-based Dataset for Human Activity Recognition},
  year      = {2021},
  month     = dec,
  pages     = {01--07},
  publisher = {IEEE},
  doi       = {10.1109/fg52635.2021.9666947},
  groups    = {ieee},
}

@InProceedings{Qi2019,
  author    = {Qi, Jun and Yang, Yun and Peng, Xiyang and Newcombe, Lee and Simpson, Andrew and Yang, Po},
  booktitle = {2019 41st Annual International Conference of the IEEE Engineering in Medicine and Biology Society (EMBC)},
  title     = {Experimental Analysis of Artificial Neural Networks Performance for Physical Activity Recognition Using Belt and Wristband Devices},
  year      = {2019},
  month     = jul,
  pages     = {2492--2495},
  publisher = {IEEE},
  doi       = {10.1109/embc.2019.8856617},
  groups    = {ieee},
}

@InProceedings{Moller2012,
  author    = {Moller, Andreas and Roalter, Luis and Diewald, Stefan and Scherr, Johannes and Kranz, Matthias and Hammerla, Nils and Olivier, Patrick and Plotz, Thomas},
  booktitle = {2012 IEEE International Conference on Pervasive Computing and Communications},
  title     = {GymSkill: A personal trainer for physical exercises},
  year      = {2012},
  month     = mar,
  pages     = {213--220},
  publisher = {IEEE},
  doi       = {10.1109/percom.2012.6199869},
  groups    = {ieee},
}

@InProceedings{Simon2023,
  author    = {Simon, Niko and Min, Cheol-Hong},
  booktitle = {2023 IEEE World AI IoT Congress (AIIoT)},
  title     = {Features Analysis and Classification of Common Gym Exercises},
  year      = {2023},
  month     = jun,
  pages     = {0561--0565},
  publisher = {IEEE},
  doi       = {10.1109/aiiot58121.2023.10174414},
  groups    = {ieee},
}

@InProceedings{Qi2020,
  author    = {Qi, Jun and Liang, Hai-Ning and Chen, Jianjun and Peng, Xiyang and Newcombe, Lee and Yang, Po},
  booktitle = {2020 IEEE Intl Conf on Parallel \&amp; Distributed Processing with Applications, Big Data \&amp; Cloud Computing, Sustainable Computing \&amp; Communications, Social Computing \&amp; Networking (ISPA/BDCloud/SocialCom/SustainCom)},
  title     = {A Hybrid Hierarchical Model for Accessing Physical Activity Recognition towards Free-living Environments},
  year      = {2020},
  month     = dec,
  pages     = {1342--1347},
  publisher = {IEEE},
  doi       = {10.1109/ispa-bdcloud-socialcom-sustaincom51426.2020.00199},
  groups    = {ieee},
}

@InProceedings{Kunze2010,
  author    = {Kunze, Kai and Bahle, Gernot and Lukowicz, Paul and Partridge, Kurt},
  booktitle = {International Symposium on Wearable Computers (ISWC) 2010},
  title     = {Can magnetic field sensors replace gyroscopes in wearable sensing applications?},
  year      = {2010},
  month     = oct,
  pages     = {1--4},
  publisher = {IEEE},
  doi       = {10.1109/iswc.2010.5665859},
  groups    = {ieee},
}

@InProceedings{Um2017,
  author    = {Um, Terry Taewoong and Babakeshizadeh, Vahid and Kulic, Dana},
  booktitle = {2017 IEEE/RSJ International Conference on Intelligent Robots and Systems (IROS)},
  title     = {Exercise motion classification from large-scale wearable sensor data using convolutional neural networks},
  year      = {2017},
  month     = sep,
  pages     = {2385--2390},
  publisher = {IEEE},
  doi       = {10.1109/iros.2017.8206051},
  groups    = {ieee},
}

@Article{Hannan2021,
  author    = {Hannan, Abdul and Shafiq, Muhammad Zohaib and Hussain, Faisal and Pires, Ivan Miguel},
  journal   = {Sensors},
  title     = {A Portable Smart Fitness Suite for Real-Time Exercise Monitoring and Posture Correction},
  year      = {2021},
  issn      = {1424-8220},
  month     = oct,
  number    = {19},
  pages     = {6692},
  volume    = {21},
  doi       = {10.3390/s21196692},
  groups    = {pubmed},
  publisher = {MDPI AG},
}

@Article{Michaud2021,
  author    = {Michaud, Florian and Pérez Soto, Manuel and Lugrís, Urbano and Cuadrado, Javier},
  journal   = {Sensors},
  title     = {Lower Back Injury Prevention and Sensitization of Hip Hinge with Neutral Spine Using Wearable Sensors during Lifting Exercises},
  year      = {2021},
  issn      = {1424-8220},
  month     = aug,
  number    = {16},
  pages     = {5487},
  volume    = {21},
  doi       = {10.3390/s21165487},
  groups    = {pubmed},
  priority  = {prio1},
  publisher = {MDPI AG},
}

@Article{Kwon2021,
  author    = {Kwon, Hyeokhyen and Abowd, Gregory D. and Plötz, Thomas},
  journal   = {Sensors},
  title     = {Complex Deep Neural Networks from Large Scale Virtual IMU Data for Effective Human Activity Recognition Using Wearables},
  year      = {2021},
  issn      = {1424-8220},
  month     = dec,
  number    = {24},
  pages     = {8337},
  volume    = {21},
  doi       = {10.3390/s21248337},
  groups    = {pubmed},
  priority  = {prio1},
  publisher = {MDPI AG},
}

@Article{papadopoulou2023towards,
  author   = {Papadopoulou, Panagiota},
  title    = {Towards a feedback system for upper body bodyweight exercises using multiple inertial measurement units: A user-centred approach},
  year     = {2023},
  groups   = {google},
  priority = {prio1},
}

@Article{Hussain2022,
  author    = {Hussain, Afzaal and Zafar, Kashif and Baig, Abdul Rauf and Almakki, Riyad and AlSuwaidan, Lulwah and Khan, Shakir},
  journal   = {Sensors},
  title     = {Sensor-Based Gym Physical Exercise Recognition: Data Acquisition and Experiments},
  year      = {2022},
  issn      = {1424-8220},
  month     = mar,
  number    = {7},
  pages     = {2489},
  volume    = {22},
  doi       = {10.3390/s22072489},
  groups    = {pubmed},
  priority  = {prio1},
  publisher = {MDPI AG},
}

@Article{Kaewrat2024,
  author    = {Kaewrat, Charlee and Khundam, Chaowanan and Thu, May},
  journal   = {IEEE Access},
  title     = {Enhancing Exercise Monitoring and Guidance Through Mobile Augmented Reality: A Comparative Study of RGB and LiDAR},
  year      = {2024},
  issn      = {2169-3536},
  pages     = {95447--95460},
  volume    = {12},
  doi       = {10.1109/access.2024.3425163},
  groups    = {google},
  publisher = {Institute of Electrical and Electronics Engineers (IEEE)},
}

@Article{colpitts2023kinematics,
  author   = {Colpitts, Alyson},
  journal  = {University of Waterloo},
  title    = {Kinematics-Based Recovery Metrics and Inertial Measurement Units to Monitor Recovery Post-Knee Arthroscopic Surgery: A Case Study},
  year     = {2023},
  groups   = {google},
  priority = {prio1},
}

@Article{Zhang2020,
  author    = {Zhang, Wentong and Su, Caixia and He, Chuan},
  journal   = {IEEE Access},
  title     = {Rehabilitation Exercise Recognition and Evaluation Based on Smart Sensors With Deep Learning Framework},
  year      = {2020},
  issn      = {2169-3536},
  pages     = {77561--77571},
  volume    = {8},
  doi       = {10.1109/access.2020.2989128},
  groups    = {google},
  publisher = {Institute of Electrical and Electronics Engineers (IEEE)},
}

@Article{Johnson2021,
  author    = {Johnson, William R. and Mian, Ajmal and Robinson, Mark A. and Verheul, Jasper and Lloyd, David G. and Alderson, Jacqueline A.},
  journal   = {IEEE Transactions on Biomedical Engineering},
  title     = {Multidimensional Ground Reaction Forces and Moments From Wearable Sensor Accelerations via Deep Learning},
  year      = {2021},
  issn      = {1558-2531},
  month     = jan,
  number    = {1},
  pages     = {289--297},
  volume    = {68},
  doi       = {10.1109/tbme.2020.3006158},
  groups    = {google},
  publisher = {Institute of Electrical and Electronics Engineers (IEEE)},
}

@Article{Ceccarelli2024,
  author    = {Ceccarelli, Marco and Sanz, Susana and Díaz, Vicente and Russo, Matteo},
  journal   = {Machines},
  title     = {Design and Construction of a Prototype of an Assisting Device for Arm Exercise},
  year      = {2024},
  issn      = {2075-1702},
  month     = feb,
  number    = {2},
  pages     = {145},
  volume    = {12},
  doi       = {10.3390/machines12020145},
  groups    = {google},
  priority  = {prio1},
  publisher = {MDPI AG},
}

@Article{Gleadhill2019,
  author    = {Gleadhill, Sam},
  title     = {Validating new wearable technology methods to semi-automate biomechanical models for primary prevention of low back disorders in the workplace},
  year      = {2019},
  doi       = {10.25913/5EF13EBF9DCF9},
  groups    = {google},
  publisher = {Charles Darwin University},
}

@Article{Chu2019,
  author    = {Chu, William Cheng-Chung and Shih, Chihhsiong and Chou, Wen-Yi and Ahamed, Sheikh Iqbal and Hsiung, Pao-Ann},
  journal   = {Computer},
  title     = {Artificial Intelligence of Things in Sports Science: Weight Training as an Example},
  year      = {2019},
  issn      = {1558-0814},
  month     = nov,
  number    = {11},
  pages     = {52--61},
  volume    = {52},
  doi       = {10.1109/mc.2019.2933772},
  groups    = {google},
  publisher = {Institute of Electrical and Electronics Engineers (IEEE)},
}

@Article{Brogden2018,
  author    = {Brogden, Chris Michael and Armstrong, Ross and Page, Richard and Milner, Debbie and Norris, Debbie and Greig, Matt},
  journal   = {Journal of Dance Medicine \&amp; Science},
  title     = {Use of Triaxial Accelerometry During the Dance Aerobic Fitness Test: Considerations for Unit Positioning and Implications for Injury Risk and Performance},
  year      = {2018},
  issn      = {1089-313X},
  month     = sep,
  number    = {3},
  pages     = {115--122},
  volume    = {22},
  doi       = {10.12678/1089-313x.22.3.115},
  groups    = {google},
  publisher = {SAGE Publications},
}

@InProceedings{Islam2021,
  author     = {Islam, Noor Nafiz and Khan, Nafiz Imtiaz and Razzak, Md Abdur and Islam, Muhammad Nazrul},
  booktitle  = {The 23rd International Conference on Information Integration and Web Intelligence},
  title      = {Design, Development, and Evaluation of a Physical Exercise Monitoring and Managing System for Athletes},
  year       = {2021},
  month      = nov,
  pages      = {443--451},
  publisher  = {ACM},
  series     = {iiWAS2021},
  collection = {iiWAS2021},
  doi        = {10.1145/3487664.3487725},
  groups     = {google},
  priority   = {prio1},
}

@InProceedings{Tian2021,
  author     = {Tian, Jiacheng and Zhou, Pan and Sun, Fangmin and Wang, Tao and Zhang, Hexiang},
  booktitle  = {The Fifth International Conference on Biological Information and Biomedical Engineering},
  title      = {Wearable IMU-based Gym Exercise Recognition Using Data Fusion Methods},
  year       = {2021},
  month      = jul,
  pages      = {1--7},
  publisher  = {ACM},
  series     = {BIBE2021},
  collection = {BIBE2021},
  doi        = {10.1145/3469678.3469705},
  groups     = {acm},
  priority   = {prio1},
}

@InProceedings{Vashista2021,
  author     = {Vashista, Vineet and Singh, Yogesh},
  booktitle  = {Advances in Robotics - 5th International Conference of The Robotics Society},
  title      = {Single-Joint Angle Computation using Inertial Sensors with Feedback on Smartphone},
  year       = {2021},
  month      = jun,
  pages      = {1--6},
  publisher  = {ACM},
  series     = {AIR2021},
  collection = {AIR2021},
  doi        = {10.1145/3478586.3480647},
  groups     = {acm},
}

@Article{Stroembaeck2020,
  author    = {Strömbäck, David and Huang, Sangxia and Radu, Valentin},
  journal   = {Proceedings of the ACM on Interactive, Mobile, Wearable and Ubiquitous Technologies},
  title     = {MM-Fit: Multimodal Deep Learning for Automatic Exercise Logging across Sensing Devices},
  year      = {2020},
  issn      = {2474-9567},
  month     = dec,
  number    = {4},
  pages     = {1--22},
  volume    = {4},
  doi       = {10.1145/3432701},
  groups    = {acm},
  publisher = {Association for Computing Machinery (ACM)},
}

@InProceedings{Kattoju2023,
  author     = {Kattoju, Ravi Kiran and Ghamandi, Ryan and Taranta, Eugene Matthew and Laviola, Joseph J.},
  booktitle  = {Proceedings of the 2023 CHI Conference on Human Factors in Computing Systems},
  title      = {Automatic Improper Loading Posture Detection and Correction Utilizing Electrical Muscle Stimulation},
  year       = {2023},
  month      = apr,
  pages      = {1--18},
  publisher  = {ACM},
  series     = {CHI ’23},
  collection = {CHI ’23},
  doi        = {10.1145/3544548.3581435},
  groups     = {acm},
}

@Article{Ponton2023,
  author    = {Ponton, Jose Luis and Yun, Haoran and Aristidou, Andreas and Andujar, Carlos and Pelechano, Nuria},
  journal   = {ACM Transactions on Graphics},
  title     = {SparsePoser: Real-time Full-body Motion Reconstruction from Sparse Data},
  year      = {2023},
  issn      = {1557-7368},
  month     = oct,
  number    = {1},
  pages     = {1--14},
  volume    = {43},
  doi       = {10.1145/3625264},
  groups    = {acm},
  priority  = {prio1},
  publisher = {Association for Computing Machinery (ACM)},
}

@InProceedings{Radhakrishnan2019,
  author     = {Radhakrishnan, Meera and Misra, Archan},
  booktitle  = {Proceedings of the 1st International Workshop on Earable Computing},
  title      = {Can Earables Support Effective User Engagement during Weight-Based Gym Exercises?},
  year       = {2019},
  month      = sep,
  pages      = {42--47},
  publisher  = {ACM},
  series     = {UbiComp ’19},
  collection = {UbiComp ’19},
  doi        = {10.1145/3345615.3361132},
  groups     = {acm},
}

@Article{Yang2024,
  author    = {Yang, Luyao and Amin, Osama and Shihada, Basem},
  journal   = {ACM Computing Surveys},
  title     = {Intelligent Wearable Systems: Opportunities and Challenges in Health and Sports},
  year      = {2024},
  issn      = {1557-7341},
  month     = apr,
  number    = {7},
  pages     = {1--42},
  volume    = {56},
  doi       = {10.1145/3648469},
  groups    = {acm},
  publisher = {Association for Computing Machinery (ACM)},
}

@InProceedings{Krauter2024,
  author     = {Krauter, Christian and Angerbauer, Katrin and Sousa Calepso, Aimée and Achberger, Alexander and Mayer, Sven and Sedlmair, Michael},
  booktitle  = {Proceedings of the CHI Conference on Human Factors in Computing Systems},
  title      = {Sitting Posture Recognition and Feedback: A Literature Review},
  year       = {2024},
  month      = may,
  pages      = {1--20},
  publisher  = {ACM},
  series     = {CHI ’24},
  collection = {CHI ’24},
  doi        = {10.1145/3613904.3642657},
  groups     = {acm},
}

@Comment{jabref-meta: databaseType:bibtex;}

@Comment{jabref-meta: grouping:
0 AllEntriesGroup:;
1 StaticGroup:ieee\;0\;1\;0x334db3ff\;\;\;;
1 StaticGroup:pubmed\;0\;1\;0x00ff00ff\;\;\;;
1 StaticGroup:google\;0\;1\;0xff0000ff\;\;\;;
1 StaticGroup:acm\;0\;1\;0x000000ff\;\;\;;
}
